@article{roy2005,
  titleean
  {Review of code and solution verification procedures for computational simulation},
  author={Roy, Christopher J},
  journal={Journal of Computational Physics},
  volume={205},
  pages={131--156},
  year={2005},
  publisher={Elsevier}
}



@article{miyoshi205,
  title={A multi-state HLL approximate Riemann solver for ideal magnetohydrodynamics},
  author={Miyoshi, Takahiro and Kusano, Kanya},
  journal={Journal of Computational Physics},
  volume={208},
  pages={315--344},
  year={2005},
  publisher={Elsevier}
}

@article{powell1994,
  title={An approximate Riemann solver for magnetohydrodynamics (that works in more than one dimension)},
  author={Powell, Kenneth G},
  year={1994}
}


@article{van1979,
  title={Towards the ultimate conservative difference scheme. V. A second-order sequel to Godunov's method},
  author={Van Leer, Bram},
  journal={Journal of computational Physics},
  volume={32},
  number={1},
  pages={101--136},
  year={1979},
  publisher={Elsevier}
}




@inproceedings{jameson1981,
  title={Numerical solution of the Euler equations by finite volume methods using Runge Kutta time stepping schemes},
  author={Jameson, Antony and Schmidt, Wolfgang and Turkel, Eli},
  booktitle={14th fluid and plasma dynamics conference},
  pages={1259},
  year={1981}
}


@article{harten1983,
  title={A. Harten, PD Lax, and B. Van Leer, SIAM Rev. 25, 35 (1983).},
  author={Harten, Amiram and Lax, Peter D},
  journal={SIAM Rev.},
  volume={25},
  pages={35},
  year={1983}
}

@article{craxton2015,
  title={Direct-drive inertial confinement fusion: A review},
  author={Craxton, RS and Anderson, KS and Boehly, TR and Goncharov, VN and Harding, DR and Knauer, JP and McCrory, RL and McKenty, PW and Meyerhofer, DD and Myatt, JF and others},
  journal={Physics of Plasmas},
  volume={22},
  number={11},
  pages={110501},
  year={2015},
  publisher={AIP Publishing}
}


@article{ryutov2000,
  title={The physics of fast Z pinches},
  author={Ryutov, DD and Derzon, MARK S and Matzen, M KEITH},
  journal={Reviews of Modern Physics},
  volume={72},
  number={1},
  pages={167},
  year={2000},
  publisher={APS}
}



@article{baalrud2014,
  title={Extending plasma transport theory to strong coupling through the concept of an effective interaction potential},
  author={Baalrud, Scott D and Daligault, J{\'e}r{\^o}me},
  journal={Physics of Plasmas},
  volume={21},
  number={5},
  pages={055707},
  year={2014},
  publisher={AIP}
}


@article{alexiades1996,
  title={Super-time-stepping acceleration of explicit schemes for parabolic problems},
  author={Alexiades, Vasilios and Amiez, Genevi{\'e}ve and Gremaud, Pierre-Alain},
  journal={Communications in numerical methods in engineering},
  volume={12},
  number={1},
  pages={31--42},
  year={1996},
  publisher={Wiley Online Library}
}



@article{desjarlais2002,
  title={Electrical conductivity for warm, dense aluminum plasmas and liquids},
  author={Desjarlais, MP and Kress, JD and Collins, LA},
  journal={Physical Review E},
  volume={66},
  number={2},
  pages={025401},
  year={2002},
  publisher={APS}
}


@article{SESAME3720,
  author = {S. D. Crockett},
  title = {Al-13},
  year = {Aug. 28},
  journal = {LA-UR-04-6442},
  url = {{http://www.lanl.gov/org/padste/adtsc/theoretical/physics-chemistry-materials/_assets/docs/LAUR-92-3407.pdf}},
}



@article{miyoshi2005,
  title={A multi-state HLL approximate Riemann solver for ideal magnetohydrodynamics},
  author={Miyoshi, Takahiro and Kusano, Kanya},
  journal={Journal of Computational Physics},
  volume={208},
  number={1},
  pages={315--344},
  year={2005},
  publisher={Elsevier}
}

@article{dedner2002,
  title={Hyperbolic divergence cleaning for the MHD equations},
  author={Dedner, Andreas and Kemm, Friedemann and Kr{\"o}ner, Dietmar and Munz, C-D and Schnitzer, Thomas and Wesenberg, Matthias},
  journal={Journal of Computational Physics},
  volume={175},
  number={2},
  pages={645--673},
  year={2002},
  publisher={Elsevier}
}

@article{langendorf2017,
  title={Semi-analytic model of plasma-jet-driven magneto-inertial fusion},
  author={Langendorf, Samuel J and Hsu, Scott C},
  journal={Physics of Plasmas},
  volume={24},
  number={3},
  pages={032704},
  year={2017},
  publisher={AIP Publishing}
}

@article{hsu2012,
  title={Experimental characterization of railgun-driven supersonic plasma jets motivated by high energy density physics applications},
  author={Hsu, SC and Merritt, EC and Moser, AL and Awe, TJ and Brockington, SJE and Davis, JS and Adams, CS and Case, A and Cassibry, JT and Dunn, JP and others},
  journal={Physics of Plasmas},
  volume={19},
  number={12},
  pages={123514},
  year={2012},
  publisher={AIP}
}

@article{Hsu2009,
  author="Hsu, Scott C.",
  title="Technical Summary of the First U.S. Plasma Jet Workshop",
  journal="Journal of Fusion Energy",
  year="2009",
  month="Sep",
  day="01",
  volume="28",
  number="3",
  pages="246--257",
  abstract="This paper provides a technical summary of the first U.S. Plasma Jet Workshop, which was sponsored by the DOE Office of Fusion Energy Sciences and held at Los Alamos National Laboratory on January 24--25, 2008. The purpose of the workshop was to bring together members of the national plasma jet research community in order to discuss ongoing research and identify research needs and opportunities in plasma jets and their applications, which include fundamental studies of high energy density (HED) plasmas, magneto-inertial fusion (MIF), laboratory astrophysics, and disruption mitigation and fueling for magnetic confinement devices. Over the course of the workshop, about equal time was devoted to short technical talks and group discussions.",
  issn="1572-9591",
  doi="10.1007/s10894-008-9162-1",
  url="https://doi.org/10.1007/s10894-008-9162-1"
}

@article{McBride2016,
  author = {R. D. McBride and S. A. Slutz and R. A. Vesey and M. R. Gomez and A. B. Sefkow and S. B. Hansen and P. F. Knapp and P. F. Schmit and M. Geissel and A. J. Harvey-Thompson and C. A. Jennings and E. C. Harding and T. J. Awe and D. C. Rovang and K. D. Hahn and M. R. Martin and K. R. Cochrane and K. J. Peterson and G. A. Rochau and J. L. Porter and W. A. Stygar and E. M. Campbell and C. W. Nakhleh and M. C. Herrmann and M. E. Cuneo and D. B. Sinars},
  title = {Exploring magnetized liner inertial fusion with a semi-analytic model},
  journal = {Physics of Plasmas},
  volume = {23},
  number = {1},
  pages = {012705},
  year = {2016},
  doi = {10.1063/1.4939479},
  URL = {http://dx.doi.org/10.1063/1.4939479},
  eprint = {http://dx.doi.org/10.1063/1.4939479}

}



@article{Petit1969,
  title =	 {Growth rate of Electrothermal Instability and Critical Hall Parameter in Close-Cylcle MHD Generators},
  author =	 {J.P. Petit, J. Valensi},
  journal =	 {CRAS},
  volume =	 {269},
  number =	 {1},
  year =	 {1969},
  publisher =	 {French Acadamy of Sciences}
}

@article{Lemke2012,
  author = {R. W. Lemke and Matthew R. Martin and Ryan D. McBride and Jean-Paul Davis and M. D. Knudson and Daniel Sinars and I.C. Smith and Mark Savage and William Stygar and Korbie Killebrew and Dawn G. Flicker and Mark Herrmann},
  title = {Determination of pressure and density of shocklessly compressed beryllium from x-ray radiography of a magnetically driven cylindrical liner implosion},
  journal = {AIP Conference Proceedings},
  volume = {1426},
  number = {1},
  pages = {473-476},
  year = {2012},
  doi = {10.1063/1.3686320},
  URL = {http://aip.scitation.org/doi/abs/10.1063/1.3686320},
  eprint = {http://aip.scitation.org/doi/pdf/10.1063/1.3686320}
}

@article{Brio1988,
  title = "An upwind differencing scheme for the equations of ideal magnetohydrodynamics",
  journal = "Journal of Computational Physics",
  volume = "75",
  number = "2",
  pages = "400 - 422",
  year = "1988",
  note = "",
  issn = "0021-9991",
  doi = "http://dx.doi.org/10.1016/0021-9991(88)90120-9",
  url = "http://www.sciencedirect.com/science/article/pii/0021999188901209",
  author = "M Brio and C.C Wu",
}

@article{Yang2010,
  author = {Zhang Yang and Wu Jiming and Dai Zihuan and Ding Ning and Ning Cheng and Yao Yanzhong and Xiao Delong and Sun Shunkai and Gu Tongxiang and Cao Yi and Huang Jun and Xue Chuang and Shu Xiaojian},
  title = {Computational investigation of the magneto-Rayleigh-Taylor instability in Z-pinch implosions},
  journal = {Physics of Plasmas},
  volume = {17},
  number = {4},
  pages = {042702},
  year = {2010},
  doi = {10.1063/1.3381072},
  URL = {http://aip.scitation.org/doi/abs/10.1063/1.3381072},
  eprint={http://aip.scitation.org/doi/pdf/10.1063/1.3381072}
}






@article{Chen1985,
  title =	 {Introduction to Plasma Physics and Controlled Fusion
    Volume 1: {P}lasma Physics},
  author =	 {Chen, Francis F and von Goeler, Schweickhard E},
  journal =	 {Physics Today},
  volume =	 {38},
  pages =	 {87},
  year =	 {1985}
}
@article{Slutz2010,
  author = "Slutz, S. A. and Herrmann, M. C. and Vesey, R. A. and Sefkow, A. B. and Sinars, D. B. and Rovang, D. C. and Peterson, K. J. and Cuneo, M. E.",
  title = "Pulsed-power-driven cylindrical liner implosions of laser preheated fuel magnetized with an axial fielda)",
  journal = "Physics of Plasmas",
  year = "Aug. 2010",
  volume = "17",
  number = "5",
  eid = 056303,
  pages = "",
  url = "http://scitation.aip.org/content/aip/journal/pop/17/5/10.1063/1.3333505",
  doi = "http://dx.doi.org/10.1063/1.3333505"
}





@article{Sinars2011,
  author = {D. B. Sinars and S. A. Slutz and M. C. Herrmann and R. D. McBride and M. E. Cuneo and C. A. Jennings and J. P. Chittenden and A. L. Velikovich and K. J. Peterson and R. A. Vesey and C. Nakhleh and E. M. Waisman and B. E. Blue and K. Killebrew and D. Schroen and K. Tomlinson and A. D. Edens and M. R. Lopez and I. C. Smith and J. Shores and V. Bigman and G. R. Bennett and B. W. Atherton and M. Savage and W. A. Stygar and G. T. Leifeste and J. L. Porter},
  title = {Measurements of magneto-Rayleigh-Taylor instability growth during the implosion of initially solid metal liners},
  journal = {Physics of Plasmas},
  volume = {18},
  number = {5},
  pages = {056301},
  year = {2011},
  doi = {10.1063/1.3560911},
  URL = {http://aip.scitation.org/doi/abs/10.1063/1.3560911},
  eprint = {http://aip.scitation.org/doi/pdf/10.1063/1.3560911}
}




@article{Peterson2012,
  author = "Peterson, Kyle J. and Sinars, Daniel B. and Yu, Edmund P. and Herrmann, Mark C. and Cuneo, Michael E. and Slutz, Stephen A. and Smith, Ian C. and Atherton, Briggs W. and Knudson, Marcus D. and Nakhleh, Charles",
  title = "Electrothermal instability growth in magnetically driven pulsed power liners",
  journal = "Physics of Plasmas",
  year = "2012",
  volume = "19",
  number = "9",
  eid = 092701,
  pages = "",
  url = "http://scitation.aip.org/content/aip/journal/pop/19/9/10.1063/1.4751868",
  doi = "http://dx.doi.org/10.1063/1.4751868"
}

@article{Stone2007,
  author = "Stone, James M. and Gardiner, Thomas",
  title = "Nonlinear evolution of the magnetohydrodynamic Rayleigh-Taylor instability",
  journal = "Physics of Fluids",
  year = "2007",
  volume = "19",
  number = "9",
  eid = 094104,
  pages = "",
  url = "http://scitation.aip.org/content/aip/journal/pof2/19/9/10.1063/1.2767666",
  doi = "http://dx.doi.org/10.1063/1.2767666"
}


@article{Harris1962,
  title =	 {Rayleigh-Taylor Instabilities of a Collapsing Cylindrical Shell in a Magnetic Field},
  author =	 {E. G. Harris},
  journal =	 {Phys. of Fluids},
  volume =	 {5},
  issue =	 {1057},
  year =	 {1962},
  month =	 {March},
  publisher =	 {American Institute of Physics},
  doi =		 {10.1063/1.1724473},
  url =		 {http://dx.doi.org/10.1063/1.1724473}
}

@article{Meier2012,
  title =	 {A general nonlinear fluid model for reacting
    plasma-neutral mixtures},
  author =	 {Meier, ET and Shumlak, U},
  journal =	 {Physics of Plasmas},
  volume =	 {19},
  number =	 {7},
  pages =	 {072508},
  year =	 {2012},
  publisher =	 {AIP Publishing},
  doi =		 {http://dx.doi.org/10.1063/1.4736975}
}


@article{Riemann1990,
  author =	 {K.-U. Riemann},
  title =	 {The {B}ohm criterion and sheath formation},
  year =	 {1990},
  journal =	 {J. Phys. D: Appl. Phys.},
  volume =	 {24},
  issue =	 {4},
  pages =	 {493-518},
  doi =		 {10.1088/0022-3727/24/4/001}
}
@article{Robertson2013,
  author =	 {S. Robertson},
  title =	 {Sheaths in laboratory and space plasmas},
  year =	 {2013},
  journal =	 {Plasma Phys. Control. Fusion},
  volume =	 {55},
  pages =	 {93001},
  doi =		 {10.1088/0741-3335/55/9/093001}
}

@book{Stangeby2000,
  author =	 {P. C. Stangeby},
  title =	 {The Plasma Boundary of Magnetic Fusion Devices},
  publisher =	 {Institute of Physics Publishing},
  year =	 {2000},
  address =	 {Bristol and Philadelphia},
  isbn =	 {0 7503 0559 2}
}

@article{Stone2005,
  title =	 {An overview of the {BEB} method for electron-impact
    ionization of atoms and molecules},
  author =	 {Stone, Philip M and Kim, Yong-Ki},
  journal =	 {Surface and interface analysis},
  volume =	 {37},
  number =	 {11},
  pages =	 {966--968},
  year =	 {2005},
  publisher =	 {Wiley Online Library},
  url =		 {http://dx.doi.org/10.1002/sia.2089},
  doi =		 {10.1002/sia.2089}
}

